% This file was created with Citavi 7.0.7.1

@proceedings{.2022,
 year = {2022},
 title = {2022 International Conference on Cyber Warfare and Security (ICCWS)},
 publisher = {IEEE},
 isbn = {978-1-6654-8938-6}
}


@book{Rose.2020,
 author = {Rose, Scott and Borchert, Oliver and Mitchell, Stu and Connelly, Sean},
 year = {2020},
 title = {Zero Trust Architecture},
 publisher = {{National Institute of Standards and Technology}}
}


@article{Riepen.2022131,
 author = {Riepen, Andreas},
 year = {2022-1-31},
 title = {Was ist Zero Trust?},
 pages = {29--31},
 volume = {14},
 number = {1},
 journal = {Wirtschaftsinformatik {\&} Management}
}


@incollection{Oelmaier.2023,
 author = {Oelmaier, Florian and Knebelsberger, Uwe and Naefe, Arthur},
 title = {Technische Abwehr von Angriffen},
 pages = {267--276},
 publisher = {{Springer Fachmedien Wiesbaden}},
 isbn = {978-3-658-41613-3},
 series = {Edition {\textless}kes{\textgreater}},
 editor = {Oelmaier, Florian and Knebelsberger, Uwe and Naefe, Arthur},
 booktitle = {Krisenfall Ransomware},
 year = {2023}
}


@book{Oelmaier.2023b,
 year = {2023},
 title = {Krisenfall Ransomware},
 address = {Wiesbaden},
 publisher = {{Springer Fachmedien Wiesbaden}},
 isbn = {978-3-658-41613-3},
 series = {Edition {\textless}kes{\textgreater}},
 editor = {Oelmaier, Florian and Knebelsberger, Uwe and Naefe, Arthur}
}


@book{Linten.2022,
 author = {Linten, Martin and Schemberg, Axel and Surendorf, Kai},
 year = {2022},
 title = {PC-Netzwerke Das umfassende Handbuch f{\"u}r den Einstieg in die Netzwerktechnik. F{\"u}r B{\"u}ro und Zuhause Martin Linten, Axel Schemberg, Kai Surendorf},
 address = {Bonn},
 edition = {9. Auflage, erweiterte Ausgabe},
 publisher = {{Rheinwerk Rheinwerk Computing}},
 isbn = {9783836285285},
 institution = {{Rheinwerk Verlag}}
}


@inproceedings{Kamruzzaman.2022,
 author = {Kamruzzaman, Abu and Ismat, Sadia and Brickley, Joseph C. and Liu, Alvin and Thakur, Kutub},
 title = {A Comprehensive Review of Endpoint Security: Threats and Defenses},
 pages = {1--7},
 publisher = {IEEE},
 isbn = {978-1-6654-8938-6},
 booktitle = {2022 International Conference on Cyber Warfare and Security (ICCWS)},
 year = {2022}
}


@electronic{IONOSDigitalGuide.6212025,
 author = {{IONOS Digital Guide}},
 abstract = {Netzwerke sind in der IT allgegenw{\"a}rtig und bestimmen Alltag und Arbeitswelt. Aber was ist eigentlich ein Netzwerk? Wir erkl{\"a}ren es Ihnen anhand von Beispielen.},
 year = {6/21/2025},
 title = {Was ist ein Netzwerk? Definition, Erkl{\"a}rung und Beispiele},
 url = {https://www.ionos.de/digitalguide/server/knowhow/was-ist-ein-netzwerk/},
 urldate = {6/21/2025}
}


@electronic{IBMDeutschlandGmbH.20250701,
 editor = {{IBM Deutschland GmbH}},
 abstract = {Beim Patch-Management werden Firmware- und Software-Updates angewendet, um die Funktionalit{\"a}t zu verbessern, Sicherheitsl{\"u}cken zu schlie{\ss}en und die Leistung zu optimieren.},
 year = {2025-07-01},
 title = {Was ist Patch-Management?},
 url = {https://www.ibm.com/de-de/topics/patch-management},
 urldate = {2025-07-01}
}


@incollection{Horne.2021,
 author = {Horne, Dwight and Nair, Suku},
 title = {Introducing Zero Trust by Design: Principles and Practice Beyond the Zero Trust Hype.},
 pages = {512--525},
 publisher = {Springer},
 editor = {Daimi, Kevin and Arabnia, Hamid R. and Deligiannidis, Leonidas and Hwang, Min-Shiang and Tinetti, Fernando G.},
 booktitle = {Advances in Security, Networks, and Internet of Things},
 year = {2021}
}


@book{Garbis.2024,
 author = {Garbis, Jason and Chapman, Jerry W.},
 year = {2024},
 title = {Zero Trust Sicherheit: Ein Leitfaden f{\"u}r Unternehmen},
 address = {Berkeley, CA},
 publisher = {Apress},
 isbn = {979-8-8688-0104-4}
}


@article{Fox.2022,
 author = {Fox, Dirk},
 year = {2022},
 title = {Zero Trust},
 pages = {174--175},
 volume = {46},
 number = {3},
 journal = {Datenschutz und Datensicherheit - DuD}
}


@book{Faber.2021,
 author = {von Faber, Eberhard},
 year = {2021},
 title = {IT und IT-Sicherheit in Begriffen und Zusammenh{\"a}ngen},
 address = {Wiesbaden},
 publisher = {{Springer Fachmedien Wiesbaden}},
 isbn = {978-3-658-33430-7}
}


@book{Daimi.2021,
 abstract = {Access 135+ million publications and connect with 20+ million researchers. Join for free and gain visibility by uploading your research.},
 year = {2021},
 title = {Advances in Security, Networks, and Internet of Things},
 address = {Cham},
 publisher = {Springer},
 editor = {Daimi, Kevin and Arabnia, Hamid R. and Deligiannidis, Leonidas and Hwang, Min-Shiang and Tinetti, Fernando G.}
}


@electronic{cloudflare.com.20250625,
 year = {2025-06-25},
 title = {Was ist eine Next-Generation-Firewall (NGFW)?},
 url = {https://www.cloudflare.com/de-de/learning/security/what-is-next-generation-firewall-ngfw/},
 urldate = {2025-06-25}
}


@electronic{cloudflare.com.2025,
 year = {2025},
 title = {Was ist das {\glqq}Burg- und Burgraben{\grqq}-Sicherheitsmodell?},
 url = {https://www.cloudflare.com/de-de/learning/access-management/castle-and-moat-network-security/},
 urldate = {2025-06-21}
}


@electronic{BundesamtfurSicherheitinderInformationstechnik.2023,
 author = {{Bundesamt f{\"u}r Sicherheit in der Informationstechnik}},
 abstract = {Positionspapier Zero Trust 2023},
 year = {2023},
 title = {Zero Trust - Positionspapier Zero Trust 2023},
 url = {https://www.bsi.bund.de/SharedDocs/Downloads/DE/BSI/Publikationen/TechnischeLeitlinien/Zero-Trust/Zero-Trust_04072023.html?nn=1091870},
 urldate = {2025-06-21}
}


@article{Afolalu.2025,
 author = {Afolalu, Oladele and Tsoeu, Mohohlo Samuel},
 year = {2025},
 title = {Enterprise Networking Optimization: A Review of Challenges, Solutions, and Technological Interventions},
 pages = {133},
 volume = {17},
 number = {4},
 journal = {Future Internet}
}


@book{Schreiner.2023,
 author = {Schreiner, R{\"u}diger and Waldhorst, Oliver},
 year = {2023},
 title = {Computernetzwerke: Von den Grundlagen zur Funktion und Anwendung},
 address = {M{\"u}nchen},
 edition = {8},
 publisher = {Hanser},
 isbn = {9783446474154}
}


@article{Strobel.47,
 author = {Strobel, Stefan},
 year = {47},
 title = {Zero Trust: Technische M{\"o}glichkeiten und Grenzen},
 pages = {629--632},
 volume = {September 2023},
 number = {10},
 journal = {Datenschutz und Datensicherheit - DuD}
}


