@article{stafford2020zero,
  title={Zero trust architecture},
  author={Stafford, V},
  journal={NIST special publication},
  volume={800},
  number={207},
  pages={800--207},
  year={2020}
}
% This file was created with Citavi 7.0.7.1

@article{Riepen.2022,
 author = {Riepen, Andreas},
 year = {2022},
 title = {Was ist Zero Trust?},
 pages = {29--31},
 volume = {14},
 number = {1},
 issn = {1867-5913},
 journal = {Wirtschaftsinformatik {\&} Management},
 doi = {10.1365/s35764-021-00381-4}
}

@book{schreiner2023computernetzwerke,
  title={Computernetzwerke: von den Grundlagen zur Funktion und Anwendung},
  author={Schreiner, R{\"u}diger and Waldhorst, Oliver P},
  year={2023},
  publisher={Carl Hanser Verlag GmbH Co KG}
}
% This file was created with Citavi 7.0.7.1

@book{Linten.2022,
 author = {Linten, Martin and Schemberg, Axel and Surendorf, Kai},
 year = {2022},
 title = {PC-Netzwerke Das umfassende Handbuch f{\"u}r den Einstieg in die Netzwerktechnik. F{\"u}r B{\"u}ro und Zuhause Martin Linten, Axel Schemberg, Kai Surendorf},
 keywords = {(BIC subject category)U;(BISAC Subject Heading)COM000000;(BISAC Subject Heading)U;CloudV;ESP8266;Hand-Buch B{\"u}cher lernen Grundlagen Kurse Tipps Workshops Tutorials Wissen Anleitung Ausbildung Schulung;Haus-Heim-Automation;KODI;LTE;Mobiles Internet;NAS;NIC;OpenWRT;(Produktform)Mixed media product;(Produktgruppe)31100;Raspberry Pi;Router;Smart-Home;Switch OSI;Tasmota;TCP/IP;Virtualisierung;(VLB-WN)1636: Hardcover, Softcover / Informatik, EDV/Datenkommunikation, Netzwerke;XBMC},
 address = {Bonn},
 edition = {9. Auflage, erweiterte Ausgabe},
 publisher = {{Rheinwerk Rheinwerk Computing}},
 isbn = {9783836285285},
 institution = {{Rheinwerk Verlag}}
}

@misc{cloudflare2025castle,
  author    = {{Cloudflare, Inc.}},
  title     = {Was ist das "Burg- und Burgraben"-Sicherheitsmodell?},
  year      = {2025},
  url       = {https://www.cloudflare.com/de-de/learning/access-management/castle-and-moat-network-security/},
  urldate   = {2025-06-21},
  note      = {Zuletzt abgerufen am 21.06.2025}
}

@article{strobel2023zero,
  title={Zero Trust: Technische M{\"o}glichkeiten und Grenzen},
  author={Strobel, Stefan},
  journal={Datenschutz und Datensicherheit-DuD},
  volume={47},
  number={10},
  pages={629--632},
  year={2023},
  publisher={Springer}
}

% This file was created with Citavi 7.0.7.1

@misc{BundesamtfurSicherheitinderInformationstechnik.762023,
 abstract = {Positionspapier Zero Trust 2023},
 author = {{Bundesamt f{\"u}r Sicherheit in der Informationstechnik}},
 year = {2023},
 title = {Zero Trust - Positionspapier Zero Trust 2023},
 url = {https://www.bsi.bund.de/SharedDocs/Downloads/DE/BSI/Publikationen/TechnischeLeitlinien/Zero-Trust/Zero-Trust_04072023.html?nn=1091870},
 keywords = {Anwenderzugriffe;Positionspapier;Trust;Zero},
 urldate = {2025-06-21}
}

% This file was created with Citavi 7.0.7.1

@book{Garbis.2024,
 author = {Garbis, Jason and Chapman, Jerry W.},
 year = {2024},
 title = {Zero Trust Sicherheit},
 address = {Berkeley, CA},
 publisher = {Apress},
 isbn = {979-8-8688-0104-4},
 doi = {10.1007/979-8-8688-0105-1}
}




@misc{fox2022zero,
  title={Zero Trust},
  author={Fox, Dirk},
  year={2022},
  publisher={Springer Fachmedien Wiesbaden Wiesbaden}
}

@article{von1sicherheit,
  title={IT und IT-Sicherheit in Begriffen und Zusammenh{\"a}ngen},
  author={von Faber, Eberhard},
  journal={Thematisch sortiertes Lexikon mit alphabetischem Register zum Nachschlagen},
  volume={1},
  publisher={Springer}
}

}
@inbook{Oelmaier_Knebelsberger_Naefe_2023, 
title={Technische Abwehr von Angriffen},
url={https://link.springer.com/chapter/10.1007/978-3-658-41614-0_21},
DOI={10.1007/978-3-658-41614-0_21},
booktitle={Edition }, 
author={Oelmaier, Florian and Knebelsberger, Uwe and Naefe, Arthur}, 
year={2023}, 
month=jan, 
pages={267–276} 
}

@book{gerling2022sicherheit,
  title={IT-Sicherheit f{\"u}r dummies},
  author={Gerling, Rainer W and Gerling, Sebastian R},
  year={2022},
  publisher={John Wiley \& Sons}
}
@misc{Froehlich_2020, title={Die Hardware- und Gerätesicherheit in den Griff bekommen}, url={https://www.computerweekly.com/de/tipp/Die-Hardware-und-Geraetesicherheit-in-den-Griff-bekommen}, journal={ComputerWeekly.de}, author={Froehlich, Andrew}, year={2020}, month=dec }

@INPROCEEDINGS{9998470,
  author={Kamruzzaman, Abu and Ismat, Sadia and Brickley, Joseph C. and Liu, Alvin and Thakur, Kutub},
  booktitle={2022 International Conference on Cyber Warfare and Security (ICCWS)}, 
  title={A Comprehensive Review of Endpoint Security: Threats and Defenses}, 
  year={2022},
  volume={},
  number={},
  pages={1-7},
  keywords={Portable computers;Security management;Phishing;Switches;Organizations;Cyber warfare;Security;Endpoint;Anti-virus;Ransomware},
  doi={10.1109/ICCWS56285.2022.9998470}}
@article{DISSANAYAKE2022106771,
title = {Software security patch management - A systematic literature review of challenges, approaches, tools and practices},
journal = {Information and Software Technology},
volume = {144},
pages = {106771},
year = {2022},
issn = {0950-5849},
doi = {https://doi.org/10.1016/j.infsof.2021.106771},
url = {https://www.sciencedirect.com/science/article/pii/S0950584921002147},
author = {Nesara Dissanayake and Asangi Jayatilaka and Mansooreh Zahedi and M. Ali Babar},
keywords = {Security patch management, Vulnerability management, Systematic literature review},
abstract = {Context:
Software security patch management purports to support the process of patching known software security vulnerabilities. Patching security vulnerabilities in large and complex systems is a hugely challenging process that involves multiple stakeholders making several interdependent technological and socio-technical decisions. Given the increasing recognition of the importance of software security patch management, it is important and timely to systematically review and synthesise the relevant literature on this topic.
Objective:
This paper aims at systematically reviewing the state of the art of software security patch management to identify the socio-technical challenges in this regard, reported solutions (i.e., approaches, tools, and practices), the rigour of the evaluation and the industrial relevance of the reported solutions, and to identify the gaps for future research.
Method:
We conducted a systematic literature review of 72 studies published from 2002 to March 2020, with extended coverage until September 2020 through forward snowballing.
Results:
We identify 14 socio-technical challenges in software security patch management, 18 solution approaches, tools and practices mapped onto the software security patch management process. We provide a mapping between the solutions and challenges to enable a reader to obtain a holistic overview of the gap areas. The findings also reveal that only 20.8% of the reported solutions have been rigorously evaluated in industrial settings.
Conclusion:
Our results reveal that 50% of the common challenges have not been directly addressed in the solutions and that most of them (38.9%) address the challenges in one phase of the process, namely vulnerability scanning, assessment and prioritisation. Based on the results that highlight the important concerns in software security patch management and the lack of solutions, we recommend a list of future research directions. This study also provides useful insights about different opportunities for practitioners to adopt new solutions and understand the variations of their practical utility.}
}

@article{richter2005untersuchung,
  title={Untersuchung und Bewertung von Netzzugangssteuerungen auf Basis des Standards 802.1 x (Port-Based Network Access Control)},
  author={Richter, Lars},
  year={2005}
}
% This file was created with Citavi 7.0.7.1

@misc{cloudflare_ngfw,
  title = {Was ist eine Next-Generation-Firewall (NGFW)?},
  url = {https://www.cloudflare.com/de-de/learning/security/what-is-next-generation-firewall-ngfw/}
}

@article{Afolalu_Tsoeu_2025, title={Enterprise Networking Optimization: A review of challenges, solutions, and technological interventions}, volume={17}, url={https://www.mdpi.com/1999-5903/17/4/133}, DOI={10.3390/fi17040133}, number={4}, journal={Future Internet}, author={Afolalu, Oladele and Tsoeu, Mohohlo Samuel}, year={2025}, month=mar, pages={133} }

@incollection{horne2025zero,
  title={Zero Trust Architecture},
  author={Horne, Dwight},
  booktitle={Encyclopedia of Cryptography, Security and Privacy},
  pages={2809--2814},
  year={2025},
  publisher={Springer}
}

